@book{dasgupta2006algorithms,
  title={Algorithms},
  author={Dasgupta, Sanjoy and Papadimitriou, Christos H. and Vazirani, Umesh V.},
  year={2006},
  publisher={McGraw-Hill}
}
