@book{celes2017introduccao,
  title={Introdu{\c{c}}{\~a}o a estruturas de dados: com t{\'e}cnicas de programa{\c{c}}{\~a}o em C},
  author={Celes, Waldemar and Cerqueira, Renato and Rangel, Jos{\'e}},
  year={2017},
  publisher={Elsevier Brasil}
}